@proceedings{frhstck_2019_tilegan,
  author = {Frühstück, Anna and Alhashim, Ibraheem and Wonka, Peter},
  month = {07},
  pages = {1-11},
  title = {TileGAN},
  doi = {10.1145/3306346.3322993},
  url = {https://dl.acm.org/doi/10.1145/3306346.3322993},
  urldate = {2020-02-06},
  volume = {38},
  year = {2019},
  organization = {ACM Transactions on Graphics}
}

@article{guha_2014_image,
  author = {Guha, Tanaya and Ward, Rabab K.},
  month = {06},
  pages = {980-987},
  title = {Image Similarity Using Sparse Representation and Compression Distance},
  doi = {10.1109/tmm.2014.2306175},
  url = {https://ieeexplore.ieee.org/abstract/document/6740071},
  urldate = {2020-02-20},
  volume = {16},
  year = {2014},
  journal = {IEEE Transactions on Multimedia}
}

@article{loubet_2019_reparameterizing,
  author = {Loubet, Guillaume and Holzschuch, Nicolas and Jakob, Wenzel},
  month = {11},
  pages = {1-14},
  title = {Reparameterizing discontinuous integrands for differentiable rendering},
  doi = {10.1145/3355089.3356510},
  urldate = {2020-02-27},
  volume = {38},
  year = {2019},
  journal = {ACM Transactions on Graphics (TOG)}
}

@article{beck_1994_the,
  author = {Beck, Thomas and Fischer, Herbert},
  month = {05},
  pages = {119-131},
  title = {The if-problem in automatic differentiation},
  doi = {10.1016/0377-0427(94)90294-1},
  url = {https://www.sciencedirect.com/science/article/pii/0377042794902941},
  urldate = {2020-03-10},
  volume = {50},
  year = {1994},
  journal = {Journal of Computational and Applied Mathematics}
}

@misc{guo_2019_a,
  author = {Guo, Yu and Hasan, Milos and Yan, Lingqi and Zhao, Shuang},
  title = {A Bayesian Inference Framework for Procedural Material Parameter Estimation},
  url = {https://arxiv.org/abs/1912.01067},
  urldate = {2020-03-11},
  year = {2019},
  organization = {arXiv.org}
}

@misc{guenter_2011_symbolic,
  author = {Guenter, Brian and Rapp, John and Finch, Mark},
  month = {03},
  title = {Symbolic Differentiation in GPU Shaders},
  url = {https://www.microsoft.com/en-us/research/publication/symbolic-differentiation-in-gpu-shaders/},
  urldate = {2020-03-11},
  year = {2011},
  organization = {Microsoft Research}
}

@misc{a2020_glblendfunc,
  title = {glBlendFunc - OpenGL 4 Reference Pages},
  url = {https://www.khronos.org/registry/OpenGL-Refpages/gl4/html/glBlendFunc.xhtml},
  urldate = {2020-03-31},
  year = {2020},
  organization = {Khronos.org}
}

@misc{genova_2018_unsupervised,
  author = {Genova, Kyle and Cole, Forrester and Maschinot, Aaron and Sarna, Aaron and Vlasic, Daniel and Freeman, William T},
  title = {Unsupervised Training for 3D Morphable Model Regression},
  url = {https://arxiv.org/abs/1806.06098},
  urldate = {2020-04-20},
  year = {2018},
  organization = {arXiv.org}
}

@misc{volkerblanz_2002_a,
  author = {Volker Blanz and Vetter, Thomas},
  month = {09},
  publisher = {unknown},
  title = {A Morphable Model for the Synthesis of 3D Faces},
  url = {https://www.researchgate.net/publication/2892137_A_Morphable_Model_for_the_Synthesis_of_3D_Faces},
  urldate = {2020-05-05},
  year = {2002},
  organization = {ResearchGate}
}

@proceedings{paszke_2017_automatic,
  author = {Paszke, Adam and Gross, Sam and Chintala, Soumith and Chanan, Gregory and Yang, Edward and Devito, Zachary and Lin, Zeming and Desmaison, Alban and Antiga, Luca and Lerer, Adam},
  title = {Automatic differentiation in PyTorch},
  url = {https://api.semanticscholar.org/CorpusID:40027675},
  urldate = {2020-05-06},
  year = {2017}
}

@misc{a2015_texture,
  title = {Texture synthesis using convolutional neural networks | Proceedings of the 28th International Conference on Neural Information Processing Systems - Volume 1},
  url = {https://dl.acm.org/doi/10.5555/2969239.2969269},
  urldate = {2020-05-11},
  year = {2015},
  organization = {Acm.org}
}

@misc{facebookresearch_2020_facebookresearchpytorch3d,
  author = {facebookresearch},
  month = {05},
  title = {facebookresearch/pytorch3d},
  url = {https://github.com/facebookresearch/pytorch3d},
  urldate = {2020-05-18},
  year = {2020},
  organization = {GitHub}
}

@misc{segal_2013_the,
  author = {Segal, Mark and Akeley, Kurt},
  annote = {Version 4.3 (Core Profile)},
  month = {02},
  publisher = {The Khronos Group Inc.},
  title = {The OpenGL® Graphics System: A Specification},
  url = {https://www.khronos.org/registry/OpenGL/specs/gl/glspec43.core.pdf#page=436},
  urldate = {2020-05-26},
  year = {2013}
}

@proceedings{gatys_2016_image,
  author = {Gatys, Leon A. and Ecker, Alexander S. and Bethge, Matthias},
  annote = {Contains the definition of their Neural Gram loss function},
  month = {06},
  pages = {2414–2423},
  publisher = {IEEE},
  title = {Image Style Transfer Using Convolutional Neural Networks},
  doi = {10.1109/CVPR.2016.265},
  url = {https://ieeexplore.ieee.org/document/7780634},
  urldate = {2020-05-27},
  year = {2016},
  organization = {IEEE Xplore}
}

@proceedings{kulkarni_2015_deep,
  author = {Kulkarni, Tejas D and Whitney, William F and Kohli, Pushmeet and Tenenbaum, Joshua B},
  annote = {Original inspiration to use Neural Networks in an Inverse Graphics Problem.},
  pages = {2539-2547},
  title = {Deep Convolutional Inverse Graphics Network},
  url = {http://papers.nips.cc/paper/5851-deep-convolutional-inverse-graphics-network},
  urldate = {2020-05-28},
  volume = {28},
  year = {2015},
  organization = {Neural Information Processing Systems}
}

@proceedings{loper_2014_opendr,
  author = {Loper, Matthew M. and Black, Michael J.},
  annote = {http://files.is.tue.mpg.de/black/papers/OpenDR.pdf},
  pages = {154-169},
  title = {OpenDR: An Approximate Differentiable Renderer},
  doi = {10.1007/978-3-319-10584-0_11},
  url = {https://link.springer.com/chapter/10.1007/978-3-319-10584-0_11},
  urldate = {2020-05-28},
  volume = {8695},
  year = {2014},
  organization = {Computer Vision – ECCV 2014}
}

@article{duchi_2011_adaptive,
  author = {Duchi, John and Hazan, Elad and Singer, Yoram},
  annote = {Adagrad optimization algorithm},
  number = {61},
  pages = {2121-2159},
  title = {Adaptive subgradient methods for online learning and stochastic optimization},
  url = {http://jmlr.org/papers/v12/duchi11a.html},
  volume = {12},
  year = {2011},
  journal = {Journal of Machine Learning Research}
}

@article{zeiler_2012_adadelta,
  author = {Zeiler, Matthew D},
  title = {ADADELTA: An adaptive learning rate method},
  url = {http://arxiv.org/abs/1212.5701},
  volume = {abs/1212.5701},
  year = {2012},
  journal = {CoRR}
}

@misc{kingma_2014_adam,
  author = {Kingma, Diederik P and Ba, Jimmy},
  title = {Adam: A Method for Stochastic Optimization},
  url = {https://arxiv.org/abs/1412.6980},
  urldate = {2020-05-29},
  year = {2014},
  organization = {arXiv.org}
}

@article{li_2019_a,
  author = {Li, Biao and Shi, Yong and Li, Sujuan and Wang, Bo and Zhiquan Qi and Jiabin Liu},
  pages = {924 - 931},
  title = {A novel texture generation super resolution model},
  doi = {https://doi.org/10.1016/j.procs.2019.12.069},
  url = {http://www.sciencedirect.com/science/article/pii/S1877050919320800},
  volume = {162},
  year = {2019},
  journal = {Procedia Computer Science}
}

@article{zhou_2018_nonstationary,
  author = {Zhou, Yang and Zhen Zhu and Xiang Bai and Lischinski, Dani and Cohen-Or, Daniel and Huang, Hui},
  number = {4},
  title = {Non-stationary texture synthesis by adversarial expansion},
  volume = {37},
  year = {2018},
  journal = {ACM Transactions on Graphics (Proc. SIGGRAPH)}
}

@proceedings{zliu_2017_3d,
  author = {Z. Liu and Y. Chen and S. Hidayati and S. Chien and Chang, F and K. Hua},
  pages = {290-296},
  title = {3D model retrieval based on deep Autoencoder neural networks},
  doi = {10.1109/ICSIGSYS.2017.7967059},
  year = {2017},
  organization = {2017 International Conference on Signals and Systems (ICSigSys)}
}

@proceedings{shi_2019_facetoparameter,
  author = {Shi, Tianyang and Yuan, Yi and Fan, Changjie and Zou, Zhengxia and Shi, Zhenwei and Liu, Yong},
  month = {10},
  pages = {161-170},
  title = {Face-to-Parameter Translation for Game Character Auto-Creation},
  doi = {10.1109/iccv.2019.00025},
  url = {https://ieeexplore-ieee-org.ludwig.lub.lu.se/document/9010862?arnumber=9010862},
  urldate = {2020-06-01},
  year = {2019},
  organization = {2019 IEEE/CVF International Conference on Computer Vision (ICCV)}
}

@proceedings{richard_2019_learned,
  author = {Richard, Audrey and Cherabier, Ian and Oswald, Martin R. and Tsiminaki, Vagia and Pollefeys, Marc and Schindler, Konrad},
  month = {09},
  pages = {533-543},
  title = {Learned Multi-View Texture Super-Resolution},
  doi = {10.1109/3dv.2019.00065},
  urldate = {2020-06-01},
  year = {2019},
  organization = {2019 International Conference on 3D Vision (3DV)}
}

@article{aittala_2015_twoshot,
  author = {Aittala, Miika and Weyrich, Tim and Lehtinen, Jaakko},
  annote = {Doesn't seem to use machine learning though!},
  month = {07},
  number = {4},
  publisher = {Association for Computing Machinery},
  title = {Two-shot SVBRDF capture for stationary materials},
  doi = {10.1145/2766967},
  url = {https://doi-org.ludwig.lub.lu.se/10.1145/2766967},
  urldate = {2020-06-01},
  volume = {34},
  year = {2015},
  journal = {ACM Trans. Graph.}
}

@article{kang_2018_efficient,
  author = {Kang, Kaizhang and Chen, Zimin and Wang, Jiaping and Zhou, Kun and Wu, Hongzhi},
  month = {07},
  number = {4},
  publisher = {Association for Computing Machinery},
  title = {Efficient reflectance capture using an autoencoder},
  doi = {10.1145/3197517.3201279},
  url = {https://doi-org.ludwig.lub.lu.se/10.1145/3197517.3201279},
  urldate = {2020-06-01},
  volume = {37},
  year = {2018},
  journal = {ACM Trans. Graph.}
}

@article{loubet_2019_reparameterizing,
  author = {Loubet, Guillaume and Holzschuch, Nicolas and Jakob, Wenzel},
  annote = {Differentiable rendering using a special reparameterizing technique...},
  month = {11},
  number = {6},
  publisher = {Association for Computing Machinery},
  title = {Reparameterizing discontinuous integrands for differentiable rendering},
  doi = {10.1145/3355089.3356510},
  url = {https://doi-org.ludwig.lub.lu.se/10.1145/3355089.3356510},
  urldate = {2020-06-01},
  volume = {38},
  year = {2019},
  journal = {ACM Trans. Graph.}
}

@article{deschaintre_2018_singleimage,
  author = {Deschaintre, Valentin and Aittala, Miika and Durand, Fredo and Drettakis, George and Bousseau, Adrien},
  annote = {Using Neural Networks to capture SVBRDF},
  month = {07},
  number = {4},
  publisher = {Association for Computing Machinery},
  title = {Single-image SVBRDF capture with a rendering-aware deep network},
  doi = {10.1145/3197517.3201378},
  url = {https://doi-org.ludwig.lub.lu.se/10.1145/3197517.3201378},
  urldate = {2020-06-01},
  volume = {37},
  year = {2018},
  journal = {ACM Trans. Graph.}
}

@article{zsolnaifehr_2018_gaussian,
  author = {Zsolnai-Fehér, Károly and Wonka, Peter and Wimmer, Michael},
  month = {07},
  number = {4},
  publisher = {Association for Computing Machinery},
  title = {Gaussian material synthesis},
  doi = {10.1145/3197517.3201307},
  url = {https://doi-org.ludwig.lub.lu.se/10.1145/3197517.3201307},
  urldate = {2020-06-01},
  volume = {37},
  year = {2018},
  journal = {ACM Trans. Graph.}
}

@misc{a2019_rendering,
  publisher = {khronos.org},
  title = {Rendering Pipeline Overview - OpenGL Wiki},
  url = {https://www.khronos.org/opengl/wiki/Rendering_Pipeline_Overview},
  urldate = {2020-06-03},
  year = {2019},
  organization = {OpenGL Wiki}
}

@proceedings{mahendran_2017_3d,
  author = {Mahendran, Siddharth and Ali, Haider and Vidal, Rene},
  month = {10},
  pages = {2174-2182},
  title = {3D Pose Regression Using Convolutional Neural Networks},
  doi = {10.1109/iccvw.2017.254},
  url = {https://ieeexplore-ieee-org.ludwig.lub.lu.se/document/8265464?arnumber=8265464},
  urldate = {2020-06-05},
  year = {2017},
  organization = {2017 IEEE International Conference on Computer Vision Workshops (ICCVW)}
}

@article{aittala_2016_reflectance,
  author = {Aittala, Miika and Aila, Timo and Lehtinen, Jaakko},
  month = {07},
  number = {4},
  publisher = {Association for Computing Machinery},
  title = {Reflectance modeling by neural texture synthesis},
  doi = {10.1145/2897824.2925917},
  url = {https://doi-org.ludwig.lub.lu.se/10.1145/2897824.2925917},
  urldate = {2020-06-05},
  volume = {35},
  year = {2016},
  journal = {ACM Trans. Graph.}
}

@article{nalbach_2017_deep,
  author = {Nalbach, O and Arabadzhiyska, E and Mehta, D and Seidel, H.‐P and Ritschel, T},
  number = {4},
  pages = {65 - 78},
  title = {Deep shading: Convolutional neural networks for screen space shading.},
  url = {http://ludwig.lub.lu.se/login?url=https://search.ebscohost.com/login.aspx?direct=true&db=bth&AN=123928902&site=eds-live&scope=site},
  volume = {36},
  year = {2017},
  journal = {Computer Graphics Forum}
}

@article{wei_2008_inverse,
  author = {Wei, Li-Yi and Han, Jianwei and Zhou, Kun and Bao, Hujun and Guo, Baining and Shum, Heung-Yeung},
  month = {08},
  number = {3},
  pages = {1–9},
  publisher = {Association for Computing Machinery},
  title = {Inverse texture synthesis},
  doi = {10.1145/1360612.1360651},
  url = {https://doi-org.ludwig.lub.lu.se/10.1145/1360612.1360651},
  urldate = {2020-06-06},
  volume = {27},
  year = {2008},
  journal = {ACM Trans. Graph.}
}

@article{kwatra_2005_texture,
  author = {Kwatra, Vivek and Essa, Irfan and Bobick, Aaron and Kwatra, Nipun},
  month = {07},
  number = {3},
  pages = {795–802},
  publisher = {Association for Computing Machinery},
  title = {Texture optimization for example-based synthesis},
  doi = {10.1145/1073204.1073263},
  url = {https://doi-org.ludwig.lub.lu.se/10.1145/1073204.1073263},
  volume = {24},
  year = {2005},
  journal = {ACM Trans. Graph.}
}

@proceedings{efrosalexeia_2001_image,
  author = {Efros, Alexei A and Freeman, William T},
  pages = {341–346},
  publisher = {Association for Computing Machinery},
  title = {Image quilting for texture synthesis and transfer},
  doi = {10.1145/383259.383296},
  url = {https://doi.org/10.1145/383259.383296},
  urldate = {2020-06-06},
  year = {2001},
  organization = {Proceedings of the 28th Annual Conference on Computer Graphics and Interactive Techniques}
}

@proceedings{gatys_2015_texture,
  author = {Gatys, Leon A and Ecker, Alexander S and Bethge, Matthias},
  pages = {262–270},
  publisher = {MIT Press},
  title = {Texture synthesis using convolutional neural networks},
  year = {2015},
  organization = {NIPS'15: Proceedings of the 28th International Conference on Neural Information Processing Systems}
}

@article{hu_2019_a,
  author = {Hu, Yiwei and Dorsey, Julie and Rushmeier, Holly},
  month = {11},
  number = {6},
  publisher = {Association for Computing Machinery},
  title = {A novel framework for inverse procedural texture modeling},
  doi = {10.1145/3355089.3356516},
  url = {https://doi-org.ludwig.lub.lu.se/10.1145/3355089.3356516},
  volume = {38},
  year = {2019},
  journal = {ACM Trans. Graph.}
}

@inbook{paszke_2019_pytorch,
  author = {Paszke, Adam and Gross, Sam and Massa, Francisco and Lerer, Adam and Bradbury, James and Chanan, Gregory and Killeen, Trevor and Lin, Zeming and Gimelshein, Natalia and Antiga, Luca and Desmaison, Alban and Köpf, Andreas and Yang, Edward and DeVito, Zach and Raison, Martin and Tejani, Alykhan and Chilamkurthy, Sasank and Steiner, Benoit and Fang, Lu and Bai, Junjie and Chintala, Soumith},
  editor = {Wallach, H and Larochelle, H and Beygelzimer, A and d'Alché-Buc, F and Fox, E and Garnett, R},
  annote = {Official reference of PyTorch},
  pages = {8024--8035},
  publisher = {Curran Associates, Inc.},
  title = {PyTorch: An Imperative Style, High-Performance Deep Learning Library},
  url = {http://papers.neurips.cc/paper/9015-pytorch-an-imperative-style-high-performance-deep-learning-library.pdf},
  urldate = {2020-06-08},
  year = {2019},
  organization = {Advances in Neural Information Processing Systems 32},
  series = {Advances in Neural Information Processing Systems 32}
}

@misc{a2017_autograd,
  title = {Autograd: Automatic Differentiation — PyTorch Tutorials 1.5.0 documentation},
  url = {https://pytorch.org/tutorials/beginner/blitz/autograd_tutorial.html},
  urldate = {2020-06-08},
  year = {2017},
  organization = {pytorch.org}
}

@proceedings{simonyan_2015_very,
  author = {Simonyan, Karen and Zisserman, Andrew},
  editor = {Bengio, Yoshua and LeCun, Yann},
  annote = {Paper with VGG model},
  title = {Very deep convolutional networks for large-scale image recognition},
  url = {http://arxiv.org/abs/1409.1556},
  urldate = {2020-06-15},
  year = {2015},
  organization = {3rd International Conference on Learning Representations, ICLR 2015}
}

@misc{blenderfoundation_2020_blenderorg,
  author = {Blender Foundation},
  title = {blender.org - Home of the Blender project - Free and Open 3D Creation Software},
  url = {https://www.blender.org/},
  urldate = {2020-06-22},
  year = {2020},
  organization = {blender.org}
}

@misc{a2020_substance,
  month = {05},
  title = {Substance Designer | Substance 3D},
  url = {https://www.substance3d.com/products/substance-designer/},
  urldate = {2020-06-22},
  year = {2020},
  organization = {Substance 3D}
}

@misc{_comparison,
  author = {, Lovepoly},
  title = {Comparison of badly UV-unwrapped bitmap texture and a procedural texture},
  url = {https://blendermarket.com/products/carvature},
  urldate = {2020-06-22},
  organization = {Blender Market}
}

@misc{theqtcompany_qt,
  author = {The Qt Company},
  publisher = {The Qt Company},
  title = {Qt | Cross-platform software development for embedded \& desktop},
  url = {https://www.qt.io/},
  urldate = {2020-06-23},
  organization = {www.qt.io}
}